@article{quesnel:cpe12,
    author = {Quesnel, Flavien and L\`{e}bre, Adrien and S\"{u}dholt, Mario},
    issn = {1532-0634},
    journal = {Concurrency and Computation: Practice and Experience},
    publisher = {John Wiley \& Sons, Ltd},
    title = {{Cooperative and Reactive Scheduling in Large-Scale Virtualized Platforms with DVMS}},
    year = {2013},
    month = aug,
    volume = {25},
    number = {12},
    pages = {1643--1655}
}

@inproceedings{hermenier:cp11,
        author = {Hermenier, Fabien and Demassey, Sophie and Lorca, Xavier},
        title = {Bin repacking scheduling in virtualized datacenters},
        booktitle = {CP '11: Proceedings of the 17th international conference on Principles and practice of constraint programming},
        year = {2011},
        isbn = {978-3-642-23785-0},
        location = {Perugia, Italy},
        pages = {27--41},
        numpages = {15},
        acmid = {2041167},
   publisher = {Springer},
   address = {Berlin/Heidelberg, Germany},
}

@inproceedings{feller:ccgrid12,
    address = {Washington, DC, USA},
    author = {Feller, Eugen and Rilling, Louis and Morin, Christine},
    booktitle = {CCGRID '12: Proceedings of the 2012 12th IEEE/ACM International Symposium on Cluster, Cloud and Grid Computing},
    day = {13-16},
    keywords = {article, useful},
    location = {Ottawa, Canada},
    month = may,
    pages = {482--489},
    publisher = {IEEE Computer Society},
    title = {{Snooze: A Scalable and Autonomic Virtual Machine Management Framework for Private Clouds}},
    year = {2012}
}

@inproceedings{feller:cloudcom12,
    title = {{A Case for Fully Decentralized Dynamic VM Consolidation in Clouds}},
    author = {Feller, Eugen and Morin, Christine and Esnault, Armel},
    booktitle = {{\mbox{CloudCom}~'12: 4th IEEE International Conference on Cloud Computing Technology and Science}},
    location = {Taipei, Taiwan},
    year = {2012},
    month = dec,
    day = {3-6},
    publisher = {IEEE Computer Society},
    address = {Washington, DC, USA}
}

@inproceedings{marzolla:wowmom11,
    address = {Washington, DC, USA},
    author = {Marzolla, Moreno and Babaoglu, Ozalp and Panzieri, Fabio},
    booktitle = {WoWMoM '11: Proceedings of the 12th IEEE International Symposium on a World of Wireless, Mobile and Multimedia Networks},
    day = {20-24},
    location = {Lucca, Tuscany, Italy},
    month = jun,
    pages = {1--6},
    publisher = {IEEE Computer Society},
    title = {{Server consolidation in Clouds through gossiping}},
    year = {2011}
}

@inproceedings{mastroianni:europar11,
    author = {Mastroianni, Carlo and Meo, Michela and Papuzzo, Giuseppe},
    booktitle = {Euro-Par '11: Proceedings of the 17th international conference on Parallel processing},
    location = {Bordeaux, France},
    publisher = {Springer},
    address = {\mbox{Berlin}/Heidelberg, Germany},
    title = {{Self-economy in cloud data centers: statistical assignment and migration of virtual machines}},
    volume = {1},
    year = {2011}
}

@incollection{rouzaudcornabas:vhpc10,
    author = {Rouzaud Cornabas, Jonathan},
    booktitle = {Euro-Par 2010 Parallel Processing Workshops},
    day = {31},
    location = {Ischia, Naples, Italy},
    month = aug,
    pages = {641--648},
    publisher = {Springer},
    address = {Berlin/Heidelberg, Germany},
    series = {Lecture Notes in Computer Science},
    title = {{A Distributed and Collaborative Dynamic Load Balancer for Virtual Machine}},
    volume = {6586},
    year = {2011}
}

@inproceedings{yazir:cloud10,
    address = {Los Alamitos, CA, USA},
    author = {Yazir, Yagiz O. and Matthews, Chris and Farahbod, Roozbeh and \mbox{Neville}, Stephen and Guitouni, Adel and Ganti, Sudhakar and Coady, Yvonne},
    booktitle = {Cloud '10: IEEE 3rd International Conference on Cloud Computing},
    day = {5-10},
    location = {Miami, Florida, USA},
    month = jul,
    pages = {91--98},
    publisher = {IEEE Computer Society},
    title = {{Dynamic Resource Allocation in Computing Clouds Using Distributed Multiple Criteria Decision Analysis}},
    year = {2010}
}

@incollection{barbagallo:lncs10,
   author = {Barbagallo, Donato and Di Nitto, Elisabetta and Dubois, Daniel and Mirandola, Raffaela},
   title = {A Bio-inspired Algorithm for Energy Optimization in a Self-organizing Data Center},
   booktitle = {Self-Organizing Architectures},
   series = {Lecture Notes in Computer Science},
    publisher = {Springer},
    address = {Berlin/Heidelberg, Germany},
   pages = {127-151},
   volume = {6090},
   year = {2010}
}


