@article{moreno2012iaas,
  title={Iaas cloud architecture: From virtualized datacenters to federated cloud infrastructures},
  author={Moreno-Vozmediano, Rafael and Montero, Rub{\'e}n S and Llorente, Ignacio M},
  journal={Computer},
  volume={45},
  number={12},
  pages={65--72},
  year={2012},
  publisher={IEEE Computer Society}
}